@ARTICLE{Apple,
  title = {Apple Gears Up to Challenge {Tesla} in Electric Cars},
  url = {http://gantrack2.com/t/l/1177050/1\_NTgzOTE1NjIxMw==/},
  year = {2015},
  note = {Last visit: 2015-March-10},
  journal = {Wall Street Journal},
  owner = {eknauss},
  timestamp = {2015.03.10},
  volume = {Feb 13}
}

@techreport{iso26262,
  organization={ISO},
  key = {{ISO 26262}},
  number = {{ISO 26262}},
  publisher = {{ISO, Geneva, Switzerland}},
  title = {{Road vehicles -- Functional safety}},
  type = {{Standard}},
  year = {{2011}}
}

@inproceedings{ESEM2016,
 author = {Knauss, Eric and Pelliccione, Patrizio and Heldal, Rogardt and $\AA$gren, Magnus and Hellman, Sofia and Maniette, Daniel},
 title = {Continuous Integration Beyond the Team: A Tooling Perspective on Challenges in the Automotive Industry},
 booktitle = {Proceedings of the 10th ACM/IEEE International Symposium on Empirical Software Engineering and Measurement},
 series = {ESEM '16},
 year = {2016},
 isbn = {978-1-4503-4427-2},
 location = {Ciudad Real, Spain},
 pages = {43:1--43:6},
 articleno = {43},
 numpages = {6},
 url = {http://doi.acm.org/10.1145/2961111.2962639},
 doi = {10.1145/2961111.2962639},
 acmid = {2962639},
 publisher = {ACM},
 address = {New York, NY, USA},
 keywords = {automotive systems engineering, continuous integration},
} 

@ARTICLE{Apple2,
  title = {Apple hiring automotive experts to work in secret research lab},
  url = {http://gantrack2.com/t/l/1177049/1_NTgzOTE1NjIxMw==/},
  year = {2015},
  note = {Last visit: 2015-March-10},
  journal = {Financial Times},
  owner = {eknauss},
  timestamp = {2015.03.10},
  volume = {Feb 14}
}

@ARTICLE{Google,
  title = {How the {Google} Self-Driving Car Works},
  author = {Erico Guizzo},
  url = {http://spectrum.ieee.org/automaton/robotics/artificial-intelligence/how-google-self-driving-car-works},
  year = {2015},
  note = {Last visit: 2015-March-10},
  journal = {IEEE Spectrum},
  owner = {eknauss},
  timestamp = {2015.03.10},
  volume = {Oct 18}
}



@Article{ConnectedVehicle2012,
author = {Bernard, D. Schlick, D. and Salvador Escobar, J.},
title = {The Connected Vehicle Ecosystem},
journal = {Automotive Insights},
year = {2012},
OPTkey = {•},
OPTvolume = {},
OPTnumber = {01},
OPTpages = {13-19},
OPTmonth = {January},
OPTnote = {•},
OPTannote = {•}
}

@InProceedings{KS15,
author = {Knauss, E. Soltani, M.},
title = {Challenges of Requirements Engineering in AUTOSAR Ecosystems},
booktitle = {Proceedings of 23rd IEEE International Requirements Engineering Conference},
year = {2015},
OPTnote = {Ottowa, Canada}
}

@INPROCEEDINGS{Knauss14d.:towards,
    author = {Eric Knauss and Daniela Damian},
    title = {Towards Enabling Cross-Organizational Modeling in Automotive Ecosystems},
    booktitle = {Proceedings of the 1st International Workshop in Model Driven Development Processes and Practices (MD2P2)},
    year = {2014},
    pages = {38--47}
}

@inproceedings{Broy:2006:CAS:1134285.1134292,
 author = {Broy, Manfred},
 title = {Challenges in Automotive Software Engineering},
 booktitle = {Proceedings of the 28th International Conference on Software Engineering},
 series = {ICSE},
 year = {2006},
 isbn = {1-59593-375-1},
 location = {Shanghai, China},
 pages = {33--42},
 numpages = {10},
 publisher = {ACM},
 address = {New York, NY, USA},
 keywords = {automotive software engineering, embedded systems, model driven development}
} 

@misc{Vinnova,
  title = {Vinnova},
  howpublished = {\url{https://www.vinnova.se}},
  note = {Accessed: 2016-04-08},
  year = {2016}
}

@Article{Bosch2016Ecosystem,
author = {Bosch, J.},
title = {Speed, Data and Ecosystems},
journal = {The Future of Software Engineering},
year = {2016},
OPTkey = {•},
OPTvolume = {33},
OPTnumber = {01},
OPTpages = {82-88},
OPTmonth = {January},
OPTnote = {•},
OPTannote = {•},
publisher = {IEEE Computer Society}
}

@Article{Mossinger2010SoftwareAutomotive,
author = {M\"{o}ssinger, J.},
title = {Software in Automotive Systems},
journal = {IEEE Software},
year = {2010},
OPTkey = {•},
volume = {27},
number = {2},
OPTpages = {82-88},
OPTmonth = {March/April},
OPTnote = {•},
OPTannote = {•},
publisher = {IEEE Computer Society}
}

@Article{Bernstein2012Transparency,
author = {Bernstein, E.S.},
title = {The Transparency Paradox: A Role for Privacy in Organizational Learning and Operational Control},
journal = {Administrative Science Q.},
year = {2012},
OPTkey = {•},
OPTvolume = {57},
OPTnumber = {02},
OPTpages = {181-216},
OPTmonth = {.},
OPTnote = {•},
OPTannote = {•}
}

@Article{herbsleb2016IntelligentTransparent,
author = {Herbsleb, J. and Kästner, C. and Bogart, C.},
title = {Intelligent Transparent Software Ecosystems},
journal = {The Future of Software Engineering},
year = {2016},
OPTkey = {•},
volume = {33},
number = {01},
OPTpages = {89-96},
OPTmonth = {.},
OPTnote = {•},
OPTannote = {•}
}

@book{robson2011,
  title={Real World Research},
  author={Robson, C.},
  isbn={9781405182409},
  lccn={2010046378},
  year={2011},
  publisher={Wiley}
}

@Article{Levy2006LiteratureReview,
author = {Levy, Y. and Ellis, J.T.},
title = {A Systems Approach to Conduct an Effective Literature Review in Support of Information Systems Research},
journal = {Science Journal},
year = {2006},
OPTkey = {•},
OPTvolume = {9},
OPTnumber = {1},
OPTpages = {181-212},
OPTmonth = {.},
OPTnote = {•},
OPTannote = {•}
}

@book{saldana2015coding,
  title="The Coding Manual for Qualitative Researchers",
  author={Saldana, Johnny},
  isbn={9781473943582},
  year={2016},
  publisher={SAGE Publications}
}

@Book{Kvale2015Interviews,
author = {Kvale, S., and Brinkmann, S.},
ALTeditor = {•},
title = {InterViews: Learning the Craft of Qualitative Research Interviewing},
chapter = {6},
publisher = {SAGE publications},
year = {2015},
OPTkey = {•},
OPTvolume = {•},
OPTnumber = {•},
OPTseries = {•},
OPTtype = {•},
OPTaddress = {•},
OPTedition = {Third},
OPTmonth = {•},
OPTpages = {•},
OPTnote = {•},
OPTannote = {•}
}

@TechReport{Broy2009AAF_TUM,
author = {Broy, M. and Gleirscher, M. and Kluge, P. and Krenzer, W. and Merenda, S. and Wild, D.},
title = {Architecture Confinement and Formalism, and Scenarios, Benchmarks and Evaluation Criteria},
institution = {Technische Universität München, IBM},
year = {2009}
}

@TechReport{Patrizio2016AAF_Chalmers,
author = {Patrizio Pelliccione and Eric Knauss and Rogardt Heldal and Magnus $\AA$gren and Piergiuseppe Mallozzi and Anders Alminger and Daniel Borgentun},
title = {Automotive Architecture Framework: the experience of Volvo Cars},
institution = {Chalmers University of Technology},
year = {2016}
}

@book{moore1996death,
  title={The Death of Competition: Leadership and Strategy in the Age of Business Ecosystems},
  author={Moore, J.F.},
  isbn={9780887308093},
  lccn={96004159},
  year={1996},
  publisher={HarperBusiness}
}

@misc{hbr2015hardwaresoftware,
  title = {Does Hardware Even Matter Anymore},
  author = {Shih, W.C.},
  howpublished = {\url{https://hbr.org/2015/06/does-hardware-even-matter-anymore}},
  note = {Accessed: 2016-01-21},
  year = {2015},
  publisher={Harvard Business Review}
}

@inproceedings{Heinecke:2008:SCRAS,
 author = {Heinecke, H. and Damm, W. and Josko, B. and Metzner, A. and Kopetz, H. and Sangiovanni-Vincentelli, A. and Di Natale, M.},
 title = {Software Components for Reliable Automotive Systems},
 booktitle = {Proceedings of the Conference on Design, Automation and Test in Europe},
 series = {DATE},
 year = {2008},
 isbn = {978-3-9810801-3-1},
 location = {Munich, Germany},
 pages = {549--554},
 numpages = {6},
 url = {http://doi.acm.org/10.1145/1403375.1403508},
 doi = {10.1145/1403375.1403508},
 acmid = {1403508},
 publisher = {ACM},
 address = {New York, NY, USA}
} 

@misc{acm2008autosar,
  title = {AUTOSAR},
  howpublished = {\url{https://www.autosar.org}},
  note = {Accessed: 2016-04-08},
  year = {2016}
}

@article{Hanssen:2012:LCS:2215086.2215260,
 author = {Hanssen, Geir K.},
 title = {A Longitudinal Case Study of an Emerging Software Ecosystem: Implications for Practice and Theory},
 journal = {J. Syst. Softw.},
 issue_date = {July, 2012},
 volume = {85},
 number = {7},
 month = jul,
 year = {2012},
 pages = {1455--1466},
 numpages = {12},
 publisher = Elsevier,
 keywords = {Agile software development, Longitudinal case study, Software ecosystems, Software product line engineering}
} 

@inproceedings{Burden:2014:CCM:2652524.2652527,
 author = {Burden, H{\aa}kan and Heldal, Rogardt and Whittle, Jon},
 title = {Comparing and Contrasting Model-driven Engineering at Three Large Companies},
 booktitle = {Proceedings of the 8th ACM/IEEE International Symposium on Empirical Software Engineering and Measurement},
 series = {ESEM},
 year = {2014},
 isbn = {978-1-4503-2774-9},
 location = {Torino, Italy},
 pages = {14:1--14:10},
 articleno = {14},
 numpages = {10},
 url = {http://doi.acm.org/10.1145/2652524.2652527},
 doi = {10.1145/2652524.2652527},
 acmid = {2652527},
 publisher = {ACM},
 keywords = {agile practices, case study, inductive and deductive analysis}
} 

@book{qualman2009socialnomics,
  title={Socialnomics: How Social Media Transforms the Way We Live and Do Business},
  author={Qualman, E.},
  isbn={9780470522035},
  year={2009},
  publisher={Wiley}
}

@inproceedings{JansenTale2009,
 author = {Jansen, S. Brinkkemper, S. and Finkelstein, A.},
 title = {Business network management as a survival strategy: a tale of two software ecosystems}, 
 booktitle = {First International Workshop on Software Ecosystems (IWSECO)},
 year = {2009},
 location = {Falls Church, USA},
 pages = {34-48},
 publisher = {CEUR-WS}
}

@InBook{Eklund2012,
author={Eklund, Ulrik and Bosch, Jan}, 
editor={Cusumano, Michael A. and Iyer, Bala and Venkatraman, N.},
chapter="Introducing Software Ecosystems for Mass-Produced Embedded Systems",
title="Software Business: Third International Conference, ICSOB 2012",
year="2012",
publisher=Springer,
address="Berlin, Heidelberg",
pages="248--254",
isbn="978-3-642-30746-1",
}

@book{Blessing:2009:DDR:1717807,
 author = {Blessing, Lucienne T.M. and Chakrabarti, Amaresh},
 title = "{DRM}, a Design Research Methodology",
 year = {2009},
 edition = {1st},
 publisher= {Springer},
}

@article{10.1109/MC.2009.413,
author = {Manfred Broy and Mario Gleirscher and Stefano Merenda and Doris Wild and Peter Kluge and Wolfgang Krenzer},
title = {Toward a Holistic and Standardized Automotive Architecture Description},
journal ={Computer},
volume = {42},
number = {12},
issn = {0018-9162},
year = {2009},
pages = {98-101},
doi = {http://doi.ieeecomputersociety.org/10.1109/MC.2009.413},
publisher = {IEEE Computer Society},
address = {Los Alamitos, CA, USA},
}

@misc{SoftwareCenter,
  title = {Software Center},
  howpublished = {\url{https://www.software-center.se}},
  note = {Accessed: 2016-01-23},
  year = {2016}
}

@ARTICLE{EngAutSoftBroy2007, 
author={M. Broy and I. H. Kruger and A. Pretschner and C. Salzmann}, 
journal={Proceedings of the IEEE}, 
title={Engineering Automotive Software}, 
year={2007}, 
volume={95}, 
number={2}, 
pages={356-373}, 
keywords={automobile industry;automotive engineering;innovation management;software engineering;automotive industries;automotive software engineering;road vehicle electronics;software-based functionality;systems integration;Actuators;Automotive engineering;Communication industry;Computer architecture;Computer industry;Software engineering;Software systems;Software tools;Technological innovation;Vehicle safety;Road vehicle electronics;software engineering;systems integration}, 
doi={10.1109/JPROC.2006.888386}, 
ISSN={0018-9219}, 
month={Feb}
}

@article{Runeson:2009:GCR:1519313.1519324,
 author = {Runeson, Per and H\"{o}st, Martin},
 title = "Guidelines for Conducting and Reporting Case Study Research in Software Engineering",
 journal = {Empirical Software Engineering},
 volume = {14},
 number = {2},
 month = apr,
 year = {2009},
 issn = {1382-3256},
 pages = {131--164},
 numpages = {34},
 doi = {10.1007/s10664-008-9102-8},
 acmid = {1519324},
 publisher = {Kluwer Academic Publishers},
 address = {Hingham, MA, USA},
 keywords = {Case study, Checklists, Guidelines, Research methodology},
}

@inproceedings{Boucharas:2009:FSE:1595800.1595807,
 author = {Boucharas, Vasilis and Jansen, Slinger and Brinkkemper, Sjaak},
 title = {Formalizing Software Ecosystem Modeling},
 booktitle = {Proceedings of the 1st International Workshop on Open Component Ecosystems},
 series = {IWOCE '09},
 year = {2009},
 isbn = {978-1-60558-677-9},
 location = {Amsterdam, The Netherlands},
 pages = {41--50},
 numpages = {10},
 url = {http://doi.acm.org/10.1145/1595800.1595807},
 doi = {10.1145/1595800.1595807},
 acmid = {1595807},
 publisher = {ACM},
 address = {New York, NY, USA},
 keywords = {product deployment context, software ecosystem modeling, software supply network},
} 

@inproceedings{vandenBerk:2010:SES:1842752.1842781,
 author = {van den Berk, Ivo and Jansen, Slinger and Luinenburg, L\'{u}tzen},
 title = {Software Ecosystems: A Software Ecosystem Strategy Assessment Model},
 booktitle = {Proceedings of the Fourth European Conference on Software Architecture: Companion Volume},
 series = {ECSA '10},
 year = {2010},
 isbn = {978-1-4503-0179-4},
 location = {Copenhagen, Denmark},
 pages = {127--134},
 numpages = {8},
 url = {http://doi.acm.org/10.1145/1842752.1842781},
 doi = {10.1145/1842752.1842781},
 acmid = {1842781},
 publisher = {ACM},
 address = {New York, NY, USA},
 keywords = {business ecosystems, software ecosystems},
}

@Inbook{Baars2012,
author={Baars, Alfred
and Jansen, Slinger},
editor="Cusumano, Michael A.
and Iyer, Bala
and Venkatraman, N.",
chapter="A Framework for Software Ecosystem Governance",
title="Software Business: Third International Conference, ICSOB 2012, Cambridge, MA, USA, June 18-20, 2012. Proceedings",
year="2012",
publisher="Springer Berlin Heidelberg",
address="Berlin, Heidelberg",
pages="168--180",
isbn="978-3-642-30746-1",
doi="10.1007/978-3-642-30746-1_14",
url="http://dx.doi.org/10.1007/978-3-642-30746-1_14"
}

@inproceedings{Handoyo:2013:SEM:2536146.2536167,
 author = {Handoyo, Eko and Jansen, Slinger and Brinkkemper, Sjaak},
 title = {Software Ecosystem Modeling: The Value Chains},
 booktitle = {Proceedings of the Fifth International Conference on Management of Emergent Digital EcoSystems},
 series = {MEDES '13},
 year = {2013},
 isbn = {978-1-4503-2004-7},
 location = {Luxembourg, Luxembourg},
 pages = {17--24},
 numpages = {8},
 url = {http://doi.acm.org/10.1145/2536146.2536167},
 doi = {10.1145/2536146.2536167},
 acmid = {2536167},
 publisher = {ACM},
 address = {New York, NY, USA},
 keywords = {software ecosystem, software ecosystem modeling, software industry, software supply network}
} 

@inproceedings{vandenBerk:2010:SES:1842752.1842781,
 author = {van den Berk, Ivo and Jansen, Slinger and Luinenburg, L\'{u}tzen},
 title = {Software Ecosystems: A Software Ecosystem Strategy Assessment Model},
 booktitle = {Proceedings of the Fourth European Conference on Software Architecture: Companion Volume},
 series = {ECSA '10},
 year = {2010},
 isbn = {978-1-4503-0179-4},
 location = {Copenhagen, Denmark},
 pages = {127--134},
 numpages = {8},
 url = {http://doi.acm.org/10.1145/1842752.1842781},
 doi = {10.1145/1842752.1842781},
 acmid = {1842781},
 publisher = {ACM},
 address = {New York, NY, USA},
 keywords = {business ecosystems, software ecosystems}
} 

@ARTICLE{LeveragingTransparency2013, 
author={L. Dabbish and C. Stuart and J. Tsay and J. Herbsleb}, 
journal={IEEE Software}, 
title={Leveraging Transparency}, 
year={2013}, 
volume={30}, 
number={1}, 
pages={37-43}, 
keywords={Internet;project management;security of data;social networking (online);GitHub;development environments;distributed version control;learning opportunities;project management;social networking functionality;transparency leverage;Collaboration;Information technology;Organizational aspects;Social network services;Software engineering;Software management;User interfaces;Collaboration;HCI;Information technology;Organizational aspects;Social network services;Software engineering;Software management;User interfaces;coordination;group interfaces;information interfaces and representation;information technology and systems;organization interfaces;organizational management;software engineering;software engineering tools and techniques}, 
doi={10.1109/MS.2012.172}, 
ISSN={0740-7459}, 
month={Jan}
}

@INPROCEEDINGS{6328180, 
author={H. H. Olsson and H. Alahyari and J. Bosch}, 
booktitle={2012 38th Euromicro Conference on Software Engineering and Advanced Applications}, 
title={Climbing the #x0022;Stairway to Heaven #x0022; -- A Mulitiple-Case Study Exploring Barriers in the Transition from Agile Development towards Continuous Deployment of Software}, 
year={2012}, 
pages={392-399}, 
keywords={software prototyping;agile software development;customer collaboration;customer feedback;multiplecase study exploring barriers;software continuous deployment;software functionality;software product;stairway to heaven;Companies;Context;Hardware;Interviews;Software;agile software development;continuous deployment;continuous integration;customer collaboration}, 
doi={10.1109/SEAA.2012.54}, 
ISSN={1089-6503}, 
month={Sept},}

@inproceedings{Fitzgerald:2014:CSE:2593812.2593813,
 author = {Fitzgerald, Brian and Stol, Klaas-Jan},
 title = {Continuous Software Engineering and Beyond: Trends and Challenges},
 booktitle = {Proceedings of the 1st International Workshop on Rapid Continuous Software Engineering},
 series = {RCoSE 2014},
 year = {2014},
 isbn = {978-1-4503-2856-2},
 location = {Hyderabad, India},
 pages = {1--9},
 numpages = {9},
 url = {http://doi.acm.org/10.1145/2593812.2593813},
 doi = {10.1145/2593812.2593813},
 acmid = {2593813},
 publisher = {ACM},
 address = {New York, NY, USA},
 keywords = {BizDev, Continuous Star, DevOps, continuous software engineering},
} 



